<record xmlns="http://www.loc.gov/MARC21/slim">
  <leader>00726cam a2200229 | 4500</leader>
  <controlfield tag="001">87928</controlfield>
  <controlfield tag="008">063076s1975    gw                  ger l</controlfield>
  <datafield tag="020" ind1=" " ind2=" ">
    <subfield code="a">388012194X</subfield>
  </datafield>
  <datafield tag="035" ind1=" " ind2=" ">
    <subfield code="a">ocm02388941</subfield>
  </datafield>
  <datafield tag="039" ind1="0" ind2=" ">
    <subfield code="a">0139452R</subfield>
    <subfield code="f">RD</subfield>
  </datafield>
  <datafield tag="040" ind1=" " ind2=" ">
    <subfield code="a">DLC</subfield>
    <subfield code="b">eng</subfield>
  </datafield>
  <datafield tag="049" ind1=" " ind2=" ">
    <subfield code="a">aeu</subfield>
    <subfield code="b">eng</subfield>
  </datafield>
  <datafield tag="050" ind1="0" ind2=" ">
    <subfield code="a">DD 261.7 P5</subfield>
    <subfield code="b">V97 1975</subfield>
  </datafield>
  <datafield tag="090" ind1="0" ind2="0">
    <subfield code="a">DD 261.7 P5 V97 1975</subfield>
    <subfield code="b">NO</subfield>
  </datafield>
  <datafield tag="100" ind1="1" ind2="0">
    <subfield code="a">Vosske, Heinz.</subfield>
  </datafield>
  <datafield tag="245" ind1="1" ind2="0">
    <subfield code="a">Wilhelm Pieck; </subfield>
    <subfield code="b">biographischer Abriss </subfield>
    <subfield code="c">[von] Heinz Vosske, Gerhard Nitzsche.</subfield>
  </datafield>
  <datafield tag="260" ind1="0" ind2=" ">
    <subfield code="a">Frankfurt a. M., </subfield>
    <subfield code="b">Verlag Marxistische Blätter, </subfield>
    <subfield code="c">1975.</subfield>
  </datafield>
  <datafield tag="300" ind1=" " ind2=" ">
    <subfield code="a">406 p.  </subfield>
    <subfield code="b">ill.  </subfield>
    <subfield code="c">20 cm.</subfield>
  </datafield>
  <datafield tag="596" ind1=" " ind2=" ">
    <subfield code="a">38</subfield>
  </datafield>
  <datafield tag="600" ind1="1" ind2="0">
    <subfield code="a">Pieck, Wilhelm,</subfield>
    <subfield code="d">1876-1960.</subfield>
  </datafield>
  <datafield tag="700" ind1="1" ind2=" ">
    <subfield code="a">Nitsche, Gerhard.</subfield>
    <subfield code="e">joint author.</subfield>
  </datafield>
  <datafield tag="926" ind1=" " ind2=" ">
    <subfield code="a">UABARD</subfield>
    <subfield code="b">ON_SHELF</subfield>
    <subfield code="c">DD 261.7 P5 V97 1975</subfield>
    <subfield code="d">BOOK</subfield>
    <subfield code="f">1</subfield>
  </datafield>
</record>
